@incollection{MacKay2018,
    title = {Reversible Recurrent Neural Networks},
    author = {MacKay, Matthew and Vicol, Paul and Ba, Jimmy and Grosse, Roger B},
    booktitle = {Advances in Neural Information Processing Systems 31},
    editor = {S. Bengio and H. Wallach and H. Larochelle and K. Grauman and N. Cesa-Bianchi and R. Garnett},
    pages = {9029--9040},
    year = {2018},
    publisher = {Curran Associates, Inc.},
    url = {http://papers.nips.cc/paper/8117-reversible-recurrent-neural-networks.pdf}
}

@InProceedings{Maclaurin2015,
    title = 	 {Gradient-based Hyperparameter Optimization through Reversible Learning},
    author = 	 {Dougal Maclaurin and David Duvenaud and Ryan Adams},
    booktitle = 	 {Proceedings of the 32nd International Conference on Machine Learning},
    pages = 	 {2113--2122},
    year = 	 {2015},
    editor = 	 {Francis Bach and David Blei},
    volume = 	 {37},
    series = 	 {Proceedings of Machine Learning Research},
    address = 	 {Lille, France},
    month = 	 {07--09 Jul},
    publisher = 	 {PMLR},
    pdf = 	 {http://proceedings.mlr.press/v37/maclaurin15.pdf},
    url = 	 {http://proceedings.mlr.press/v37/maclaurin15.html},
}

@incollection{Gomez2017,
    title = {The Reversible Residual Network: Backpropagation Without Storing Activations},
    author = {Gomez, Aidan N and Ren, Mengye and Urtasun, Raquel and Grosse, Roger B},
    booktitle = {Advances in Neural Information Processing Systems 30},
    editor = {I. Guyon and U. V. Luxburg and S. Bengio and H. Wallach and R. Fergus and S. Vishwanathan and R. Garnett},
    pages = {2214--2224},
    year = {2017},
    publisher = {Curran Associates, Inc.},
    url = {http://papers.nips.cc/paper/6816-the-reversible-residual-network-backpropagation-without-storing-activations.pdf}
}

@inproceedings{Jacobsen2018,
    title={i-RevNet: Deep Invertible Networks},
    author={JÃ¶rn-Henrik Jacobsen and Arnold W.M. Smeulders and Edouard Oyallon},
    booktitle={International Conference on Learning Representations},
    year={2018},
    url={https://openreview.net/forum?id=HJsjkMb0Z},
}

@article{Arjovsky2015,
    author    = {Mart{\'{\i}}n Arjovsky and
               Amar Shah and
               Yoshua Bengio},
    title     = {Unitary Evolution Recurrent Neural Networks},
    journal   = {CoRR},
    volume    = {abs/1511.06464},
    year      = {2015},
    url       = {http://arxiv.org/abs/1511.06464},
    archivePrefix = {arXiv},
    eprint    = {1511.06464},
    timestamp = {Mon, 13 Aug 2018 16:46:40 +0200},
    biburl    = {https://dblp.org/rec/bib/journals/corr/ArjovskySB15},
    bibsource = {dblp computer science bibliography, https://dblp.org}
}

@misc{Wisdom2016,
    title={Full-Capacity Unitary Recurrent Neural Networks},
    author={Scott Wisdom and Thomas Powers and John R. Hershey and Jonathan Le Roux and Les Atlas},
    year={2016},
    eprint={1611.00035},
    archivePrefix={arXiv},
    primaryClass={stat.ML}
}

@article{Li2016,
    author    = {Li Jing and
               Yichen Shen and
               Tena Dubcek and
               John Peurifoy and
               Scott A. Skirlo and
               Max Tegmark and
               Marin Soljacic},
    title     = {Tunable Efficient Unitary Neural Networks {(EUNN)} and their application
               to {RNN}},
    journal   = {CoRR},
    volume    = {abs/1612.05231},
    year      = {2016},
    url       = {http://arxiv.org/abs/1612.05231},
    archivePrefix = {arXiv},
    eprint    = {1612.05231},
    timestamp = {Mon, 13 Aug 2018 16:46:11 +0200},
    biburl    = {https://dblp.org/rec/bib/journals/corr/JingSDPSTS16},
    bibsource = {dblp computer science bibliography, https://dblp.org}
}

@article{Innes2019,
  author    = {Mike Innes and
               Alan Edelman and
               Keno Fischer and
               Christopher Rackauckas and
               Elliot Saba and
               Viral B. Shah and
               Will Tebbutt},
  title     = {A Differentiable Programming System to Bridge Machine Learning and
               Scientific Computing},
  journal   = {CoRR},
  volume    = {abs/1907.07587},
  year      = {2019},
  url       = {http://arxiv.org/abs/1907.07587},
  archivePrefix = {arXiv},
  eprint    = {1907.07587},
  timestamp = {Tue, 23 Jul 2019 10:54:22 +0200},
  biburl    = {https://dblp.org/rec/bib/journals/corr/abs-1907-07587},
  bibsource = {dblp computer science bibliography, https://dblp.org}
}

@misc{Tensorflow2015,
    title={ {TensorFlow}: Large-Scale Machine Learning on Heterogeneous Systems},
    url={https://www.tensorflow.org/},
    note={Software available from tensorflow.org},
    author={
        Mart\'{\i}n~Abadi and
        Ashish~Agarwal and
        Paul~Barham and
        Eugene~Brevdo and
        Zhifeng~Chen and
        Craig~Citro and
        Greg~S.~Corrado and
        Andy~Davis and
        Jeffrey~Dean and
        Matthieu~Devin and
        Sanjay~Ghemawat and
        Ian~Goodfellow and
        Andrew~Harp and
        Geoffrey~Irving and
        Michael~Isard and
        Yangqing Jia and
        Rafal~Jozefowicz and
        Lukasz~Kaiser and
        Manjunath~Kudlur and
        Josh~Levenberg and
        Dandelion~Man\'{e} and
        Rajat~Monga and
        Sherry~Moore and
        Derek~Murray and
        Chris~Olah and
        Mike~Schuster and
        Jonathon~Shlens and
        Benoit~Steiner and
        Ilya~Sutskever and
        Kunal~Talwar and
        Paul~Tucker and
        Vincent~Vanhoucke and
        Vijay~Vasudevan and
        Fernanda~Vi\'{e}gas and
        Oriol~Vinyals and
        Pete~Warden and
        Martin~Wattenberg and
        Martin~Wicke and
        Yuan~Yu and
        Xiaoqiang~Zheng},
      year={2015},
}

@inproceedings{Paszke2017,
    title={Automatic Differentiation in {PyTorch}},
    author={Paszke, Adam and Gross, Sam and Chintala, Soumith and Chanan, Gregory and Yang, Edward and DeVito, Zachary and Lin, Zeming and Desmaison, Alban and Antiga, Luca and Lerer, Adam},
    booktitle={NIPS Autodiff Workshop},
    year={2017}
}

@phdthesis{Vieri1999,
    author = {Vieri, Carlin James},
    title = {Reversible Computer Engineering and Architecture},
    year = {1999},
    note = {AAI0800892},
    publisher = {Massachusetts Institute of Technology},
    address = {Cambridge, MA, USA},
    url={https://dspace.mit.edu/handle/1721.1/80144?show=full}
} 

@article{Chen2018,
    author    = {Tian Qi Chen and
               Yulia Rubanova and
               Jesse Bettencourt and
               David Duvenaud},
    title     = {Neural Ordinary Differential Equations},
    journal   = {CoRR},
    volume    = {abs/1806.07366},
    year      = {2018},
    url       = {http://arxiv.org/abs/1806.07366},
    archivePrefix = {arXiv},
    eprint    = {1806.07366},
    timestamp = {Mon, 22 Jul 2019 14:09:23 +0200},
    biburl    = {https://dblp.org/rec/bib/journals/corr/abs-1806-07366},
    bibsource = {dblp computer science bibliography, https://dblp.org}
}

@article{Behrmann2018,
    author    = {Jens Behrmann and
               David Duvenaud and
               J{\"{o}}rn{-}Henrik Jacobsen},
    title     = {Invertible Residual Networks},
    journal   = {CoRR},
    volume    = {abs/1811.00995},
    year      = {2018},
    url       = {http://arxiv.org/abs/1811.00995},
    archivePrefix = {arXiv},
    eprint    = {1811.00995},
    timestamp = {Thu, 22 Nov 2018 17:58:30 +0100},
    biburl    = {https://dblp.org/rec/bib/journals/corr/abs-1811-00995},
    bibsource = {dblp computer science bibliography, https://dblp.org}
}

@article{Ardizzone2018,
    author    = {Lynton Ardizzone and
               Jakob Kruse and
               Sebastian J. Wirkert and
               Daniel Rahner and
               Eric W. Pellegrini and
               Ralf S. Klessen and
               Lena Maier{-}Hein and
               Carsten Rother and
               Ullrich K{\"{o}}the},
    title     = {Analyzing Inverse Problems with Invertible Neural Networks},
    journal   = {CoRR},
    volume    = {abs/1808.04730},
    year      = {2018},
    url       = {http://arxiv.org/abs/1808.04730},
    archivePrefix = {arXiv},
    eprint    = {1808.04730},
    timestamp = {Sun, 02 Sep 2018 15:01:56 +0200},
    biburl    = {https://dblp.org/rec/bib/journals/corr/abs-1808-04730},
    bibsource = {dblp computer science bibliography, https://dblp.org}
}

@article{Li2013,
   title={DECOMPOSITION OF UNITARY MATRICES AND QUANTUM GATES},
   volume={11},
   ISSN={1793-6918},
   url={http://dx.doi.org/10.1142/s0219749913500159},
   DOI={10.1142/s0219749913500159},
   number={01},
   journal={International Journal of Quantum Information},
   publisher={World Scientific Pub Co Pte Lt},
   author={LI, CHI-KWONG and ROBERTS, REBECCA and YIN, XIAOYAN},
   year={2013},
   month={Feb},
   pages={1350015}
}

@unpublished{Lutz1986,
    author    = {Christopher Lutz},
    title     = {Janus: a time-reversible language},
    note      = {{\it Letter to R.\ Landauer}.},
    year      = {1986},
}

@article{Chen2016,
    author    = {Tianqi Chen and
               Bing Xu and
               Chiyuan Zhang and
               Carlos Guestrin},
    title     = {Training Deep Nets with Sublinear Memory Cost},
    journal   = {CoRR},
    volume    = {abs/1604.06174},
    year      = {2016},
    url       = {http://arxiv.org/abs/1604.06174},
    archivePrefix = {arXiv},
    eprint    = {1604.06174},
    timestamp = {Mon, 13 Aug 2018 16:48:01 +0200},
    biburl    = {https://dblp.org/rec/bib/journals/corr/ChenXZG16},
    bibsource = {dblp computer science bibliography, https://dblp.org}
}
