@FOOTNOTE{Note1,key="Note1",note="When people ask the location in Beijing, they will start by asking which ring."}
